@article { Schwarz1952,
    author={R. N. Schwarz and Z. I. Slawsky and K. F. Herzfeld},
    title={Calculation of vibrational relaxation times in gases},
    journal={Journal of Chemical Physics},
    year={1952},
    volume={20},
    pages={1591}
}

@article { Park1993,
    author={Chul Park},
    title={Review of chemical kinetics problems of future NASA missions, I: Earth entries},
    journal={Journal of Thermophysics and Heat Transfer},
    year={1993},
    volume={7},
    number={3},
    pages={385}
}

@techreport{ McBride1996,
	author = {Bonnie J. McBride and Sanford Gordon},
	institution = {NASA Lewis Research Center},
	number = {NASA RP-1311},
	title = {Computer Program for Calculation of Complex Chemical Equilibrium Compositions and Applications II. Users Manual and Program Description},
	year = {1996},
	url= {http://www.grc.nasa.gov/WWW/CEAWeb/RP-1311-P2.pdf}
}
